<record><leader>00000cas a22000007a 4500</leader><controlfield tag="001">24648864</controlfield><controlfield tag="008">911030d188818uuncuwr ne      0    0eng d</controlfield><datafield ind1=" " ind2=" " tag="010"><subfield code="a">sn 91068698 </subfield></datafield><datafield ind1=" " ind2=" " tag="040"><subfield code="a">NVJ</subfield><subfield code="b">eng</subfield><subfield code="c">NVJ</subfield><subfield code="d">OCLCQ</subfield></datafield><datafield ind1=" " ind2=" " tag="042"><subfield code="a">msc</subfield></datafield><datafield ind1="0" ind2="4" tag="245"><subfield code="a">The Murphy advance.</subfield></datafield><datafield ind1=" " ind2=" " tag="260"><subfield code="a">Murphy, Cherokee Co., N.C. :</subfield><subfield code="b">W.N. Cooper</subfield></datafield><datafield ind1=" " ind2=" " tag="300"><subfield code="a">v.</subfield></datafield><datafield ind1=" " ind2=" " tag="310"><subfield code="a">Weekly</subfield></datafield><datafield ind1="1" ind2=" " tag="362"><subfield code="a">Began in 1888.</subfield></datafield><datafield ind1=" " ind2=" " tag="588"><subfield code="a">Description based on: Vol. 1, no. 40 (June 7, 1889).</subfield></datafield><datafield ind1=" " ind2=" " tag="752"><subfield code="a">United States</subfield><subfield code="b">North Carolina</subfield><subfield code="c">Cherokee</subfield><subfield code="d">Murphy.</subfield></datafield><datafield ind1="0" ind2="0" tag="785"><subfield code="t">Cherokee scout</subfield><subfield code="w">(DLC)sn 83004710</subfield></datafield></record>